@book{DummitFoote,
	author = {Dummit, David S. and Foote, Richard M.},
	title = {Abstract Algebra},
	year = {2004},
	isbn = {978-0-471-43334-7},
	publisher={Wiley},
	edition = {3rd}
}
@book{FultonHarris,
	author = {Fulton, William and Harris, Joe},
	title = {Representation Theory: A First Course},
	year = {2004},
	isbn = {0-387-97495-4},
	publisher={Springer}
}
@book{Sagan,
	author = {Sagan, Bruce E.},
	title = {The Symmetric Group: Representations, Combinatorial Algorithms, and Symmetric Functions},
	year = {2001},
	isbn = {0-387-95067-2},
	publisher={Springer},
	edition = {2nd}
}
@book{Serre,
	author = {Serre, Jean-Pierre},
	title = {Linear Representations of Finite Groups},
	year = {1977},
	translator = {Scott, Leonard L.},
	isbn = {978-1-4684-9460-0},
	publisher={Springer},
}
@book{Jeevanjee,
	author = {Jeevanjee, Nadir},
	title = {An Introduction to Tensors and Group Theory for Physicists},
	year = {2015},
	edition = {2nd},
	publisher = {Birkh√§user},
	isbn = {978-3-319-14793-2}
}
@book{Holst,
	author = {Holst, Anders and Ufnarovski, Victor},
	title = {Matrix Theory},
	year = {2015},
	edition = {1:2},
	isbn = {978-91-44-10096-8},
	publisher = {Studentlitteratur AB}
}
@book{Biggs,
	author = {Biggs, Norman L.},
	title = {Discrete Mathematics},
	year = {2004},
	edition = {2nd},
	publisher = {Oxford Univerity Press},
	isbn = {978-0-19-850717-8},
}
@book{Yokonuma,
	author = {Yokonuma, Takeo},
	title = {Tensor Spaces and Exterior Algebra},
	year = {1992},
	publisher = {American Mathematical Society},
	isbn = {0-8218-4564-0},
}
@Misc{Nicholson,
	author = {Nicholson, W. Keith},
	title = {Linear Algebra with Applications},
	year = {2018},
	howpublished = "\url{https://lyryx.com/wp-content/uploads/2018/01/Nicholson-OpenLAWA-2018A.pdf}",
	version = {2018 rev. A},
	urldate = {2024-05-05},
	type = {Online resource},
}

