@book{DummitFoote,
	author = {Dummit, David S. and Foote, Richard M.},
	title = {Abstract Algebra},
	date = {2004},
	OPTisbn = {978-0-471-43334-7},
	publisher={Wiley},
	edition = {3}
}
@book{FultonHarris,
	author = {Harris, Joe and Fulton, William},
	title = {Representation Theory: A First Course},
	date = {2004},
	OPTisbn = {0-387-97495-4},
	publisher={Springer}
}
@book{Sagan,
	author = {Sagan, Bruce E.},
	title = {The Symmetric Group: Representations, Combinatorial Algorithms, and Symmetric Functions},
	date = {2001},
	OPTisbn = {0-387-95067-2},
	publisher={Springer},
	edition = {2}
}
@book{Serre,
	author = {Serre, Jean-Pierre},
	title = {Linear Representations of Finite Groups},
	date = {1977},
	OPTtranslator = {Scott, Leonard L.},
	OPTisbn = {978-1-4684-9460-0}
}
@book{Jeevanjee,
	author = {Jeevanjee, Nadir},
	title = {An Introduction to Tensors and Group Theory for Physicists},
	date = {2015},
	OPTedition = {2},
	OPTpublisher = {Birkh√§user},
	OPTisbn = {978-3-319-14793-2}
}
@book{Holst,
	author = {Holst, Anders and Ufnarovski, Victor},
	title = {Matrix Theory},
	date = {2015},
	OPTedition = {1:2},
	OPTisbn = {978-91-44-10096-8}
}
@book{Biggs,
	author = {Biggs, Norman L.},
	title = {Discrete Mathematics},
	date = {2004},
	OPTedition = {2},
	OPTpublisher = {Oxford Univerity Press},
	OPTlocation = {Oxford},
	OPTisbn = {978-0-19-850717-8},
}

