

@article{AlexanderssonSulzgruber2019,
    author = {Per Alexandersson and Robin Sulzgruber},
    title = {{P}-Partitions and {p}-Positivity},
    journal = {International Mathematics Research Notices},
    year = {2019},
    month = jul,
    issn = {1073-7928},
    doi = {10.1093/imrn/rnz130},
    url2 = {https://doi.org/10.1093/imrn/rnz130}
}

@book{Biggs2002,
  title = {Discrete {M}athematics},
  publisher = {Oxford University Press},
  year = {2002},
  author = {Norman L. Biggs},
  edition = {Second},
  isbn = {0-19-850717-8}
}

@book{Knuth1998ArtOfProgramming,
 author = {Donald E. Knuth},
 title = {The Art of Computer Programming,  Volume 3: Sorting and Searching},
 year = {1998},
 edition = {Second},
 isbn = {0-201-89685-0},
 publisher = {Addison Wesley Longman Publishing Co., Inc.},
 address = {Redwood City, CA, USA},
} 


@misc{Bazett2018yt,
	AUTHOR = {Trefor Bazett},
	TITLE = {Integers \& Rationals are both infinite but is it the SAME infinity?},
	HOWPUBLISHED = {\url{https://www.youtube.com/watch?v=WQWkG9cQ8NQ}},
	YEAR = {2018}
}

@misc{OEIS,
	author = {Neil J. A. Sloane},
	title = {The {O}n-{L}ine {E}ncyclopedia of {I}nteger {S}equences},
	howpublished = {Online},
	year = {2019},
	url = {https://oeis.org}
}

@misc{LascouxPolynomialsBook,
 author = {Alain Lascoux},
 title = {Polynomials},
 howpublished = {Online},
 url = {http://phalanstere.univ-mlv.fr/~al/ARTICLES/CoursYGKM.pdf},
 month = sep,
 year = {2013}
} 

@misc{PrivateCommunicationWithJustin,
  author = {Justin Bieber},
  date = {2016-10-29},
  month = oct,
  year = {2016},
  howpublished = {Personal communication}
}

@article{Sherman2015x,
Author = {Cass Sherman},
Title = {Geometric Proof of a Conjecture of {K}ing, {T}ollu, and {T}oumazet},
Year = {2015},
journal = {arXiv:1505.06551}
}

@phdthesis{Teff2013,
  doi = {10.17077/etd.gsnc0lze},
  school = {The University of Iowa},
  author = {Nicholas James Teff},
  type = {PhD Thesis},
  year ={2013},
  month = aug,
  title = {The {H}essenberg Representation}
}


